CheckThat2020
@inproceedings{DBLP:conf/ecir/Barron-CedenoEN20,
  author    = {Alberto Barr{\'{o}}n{-}Cede{\~{n}}o and
               Tamer Elsayed and
               Preslav Nakov and
               Giovanni Da San Martino and
               Maram Hasanain and
               Reem Suwaileh and
               Fatima Haouari},
  editor    = {Joemon M. Jose and
               Emine Yilmaz and
               Jo{\~{a}}o Magalh{\~{a}}es and
               Pablo Castells and
               Nicola Ferro and
               M{\'{a}}rio J. Silva and
               Fl{\'{a}}vio Martins},
  title     = {CheckThat! at {CLEF} 2020: Enabling the Automatic Identification and
               Verification of Claims in Social Media},
  booktitle = {Advances in Information Retrieval - 42nd European Conference on {IR}
               Research, {ECIR} 2020, Lisbon, Portugal, April 14-17, 2020, Proceedings,
               Part {II}},
  series    = {Lecture Notes in Computer Science},
  volume    = {12036},
  pages     = {499--507},
  publisher = {Springer},
  year      = {2020},
  url       = {https://doi.org/10.1007/978-3-030-45442-5\_65},
  doi       = {10.1007/978-3-030-45442-5\_65},
  timestamp = {Thu, 14 May 2020 10:17:16 +0200},
  biburl    = {https://dblp.org/rec/conf/ecir/Barron-CedenoEN20.bib},
  bibsource = {dblp computer science bibliography, https://dblp.org}
}


}

CheckThat2018
@inproceedings{DBLP:conf/clef/NakovBESMZAKM18,
  author    = {Preslav Nakov and
               Alberto Barr{\'{o}}n{-}Cede{\~{n}}o and
               Tamer Elsayed and
               Reem Suwaileh and
               Llu{\'{\i}}s M{\`{a}}rquez and
               Wajdi Zaghouani and
               Pepa Atanasova and
               Spas Kyuchukov and
               Giovanni Da San Martino},
  editor    = {Patrice Bellot and
               Chiraz Trabelsi and
               Josiane Mothe and
               Fionn Murtagh and
               Jian{-}Yun Nie and
               Laure Soulier and
               Eric SanJuan and
               Linda Cappellato and
               Nicola Ferro},
  title     = {Overview of the {CLEF-2018} CheckThat! Lab on Automatic Identification
               and Verification of Political Claims},
  booktitle = {Experimental {IR} Meets Multilinguality, Multimodality, and Interaction
               - 9th International Conference of the {CLEF} Association, {CLEF} 2018,
               Avignon, France, September 10-14, 2018, Proceedings},
  series    = {Lecture Notes in Computer Science},
  volume    = {11018},
  pages     = {372--387},
  publisher = {Springer},
  year      = {2018},
  url       = {https://doi.org/10.1007/978-3-319-98932-7\_32},
  doi       = {10.1007/978-3-319-98932-7\_32},
  timestamp = {Fri, 27 Dec 2019 21:24:27 +0100},
  biburl    = {https://dblp.org/rec/conf/clef/NakovBESMZAKM18.bib},
  bibsource = {dblp computer science bibliography, https://dblp.org}
}




Hourglass of Emotions
@inproceedings{DBLP:conf/cost/CambriaLH11,
  author    = {Erik Cambria and
               Andrew Livingstone and
               Amir Hussain},
  editor    = {Anna Esposito and
               Antonietta Maria Esposito and
               Alessandro Vinciarelli and
               R{\"{u}}diger Hoffmann and
               Vincent C. M{\"{u}}ller},
  title     = {The Hourglass of Emotions},
  booktitle = {Cognitive Behavioural Systems - {COST} 2102 International Training
               School, Dresden, Germany, February 21-26, 2011, Revised Selected Papers},
  series    = {Lecture Notes in Computer Science},
  volume    = {7403},
  pages     = {144--157},
  publisher = {Springer},
  year      = {2011},
  url       = {https://doi.org/10.1007/978-3-642-34584-5\_11},
  doi       = {10.1007/978-3-642-34584-5\_11},
  timestamp = {Mon, 16 Sep 2019 15:27:05 +0200},
  biburl    = {https://dblp.org/rec/conf/cost/CambriaLH11.bib},
  bibsource = {dblp computer science bibliography, https://dblp.org}
}


Labels
@inproceedings{DBLP:conf/sigir/LespagnolMU19,
  author    = {C{\'{e}}dric Lespagnol and
               Josiane Mothe and
               Md Zia Ullah},
  editor    = {Benjamin Piwowarski and
               Max Chevalier and
               {\'{E}}ric Gaussier and
               Yoelle Maarek and
               Jian{-}Yun Nie and
               Falk Scholer},
  title     = {Information Nutritional Label and Word Embedding to Estimate Information
               Check-Worthiness},
  booktitle = {Proceedings of the 42nd International {ACM} {SIGIR} Conference on
               Research and Development in Information Retrieval, {SIGIR} 2019, Paris,
               France, July 21-25, 2019},
  pages     = {941--944},
  publisher = {{ACM}},
  year      = {2019},
  url       = {https://doi.org/10.1145/3331184.3331298},
  doi       = {10.1145/3331184.3331298},
  timestamp = {Sun, 21 Jul 2019 17:52:47 +0200},
  biburl    = {https://dblp.org/rec/conf/sigir/LespagnolMU19.bib},
  bibsource = {dblp computer science bibliography, https://dblp.org}
}

Limits of Auto
@techreport{graves2018a,
  year = {2018},
  edition = {},
  number = {},
  journal = {},
  pages = {},
  publisher = {Reuters Institute for the Study of Journalism},
  school = {},
  title = {Understanding the promise and limits of automated fact-checking},
  volume = {},
  author = {Graves, D},
  editor = {},
  series = {Reuters Institute for the Study of Journalism Factsheets}
}

ClaimPortal
@inproceedings{DBLP:conf/acl/MajithiaALJACL19,
  author    = {Sarthak Majithia and
               Fatma Arslan and
               Sumeet Lubal and
               Damian Jimenez and
               Priyank Arora and
               Josue Caraballo and
               Chengkai Li},
  editor    = {Marta R. Costa{-}juss{\`{a}} and
               Enrique Alfonseca},
  title     = {ClaimPortal: Integrated Monitoring, Searching, Checking, and Analytics
               of Factual Claims on Twitter},
  booktitle = {Proceedings of the 57th Conference of the Association for Computational
               Linguistics, {ACL} 2019, Florence, Italy, July 28 - August 2, 2019,
               Volume 3: System Demonstrations},
  pages     = {153--158},
  publisher = {Association for Computational Linguistics},
  year      = {2019},
  url       = {https://doi.org/10.18653/v1/p19-3026},
  doi       = {10.18653/v1/p19-3026},
  timestamp = {Tue, 28 Jan 2020 10:27:18 +0100},
  biburl    = {https://dblp.org/rec/conf/acl/MajithiaALJACL19.bib},
  bibsource = {dblp computer science bibliography, https://dblp.org}
}

SemEval2017
@inproceedings{DBLP:conf/semeval/CerDALS17,
  author    = {Daniel M. Cer and
               Mona T. Diab and
               Eneko Agirre and
               I{\~{n}}igo Lopez{-}Gazpio and
               Lucia Specia},
  editor    = {Steven Bethard and
               Marine Carpuat and
               Marianna Apidianaki and
               Saif M. Mohammad and
               Daniel M. Cer and
               David Jurgens},
  title     = {SemEval-2017 Task 1: Semantic Textual Similarity Multilingual and
               Crosslingual Focused Evaluation},
  booktitle = {Proceedings of the 11th International Workshop on Semantic Evaluation,
               SemEval@ACL 2017, Vancouver, Canada, August 3-4, 2017},
  pages     = {1--14},
  publisher = {Association for Computational Linguistics},
  year      = {2017},
  url       = {https://doi.org/10.18653/v1/S17-2001},
  doi       = {10.18653/v1/S17-2001},
  timestamp = {Mon, 16 Sep 2019 17:08:53 +0200},
  biburl    = {https://dblp.org/rec/conf/semeval/CerDALS17.bib},
  bibsource = {dblp computer science bibliography, https://dblp.org}
}

NLI


@inproceedings{DBLP:conf/emnlp/BowmanAPM15,
  author    = {Samuel R. Bowman and
               Gabor Angeli and
               Christopher Potts and
               Christopher D. Manning},
  editor    = {Llu{\'{\i}}s M{\`{a}}rquez and
               Chris Callison{-}Burch and
               Jian Su and
               Daniele Pighin and
               Yuval Marton},
  title     = {A large annotated corpus for learning natural language inference},
  booktitle = {Proceedings of the 2015 Conference on Empirical Methods in Natural
               Language Processing, {EMNLP} 2015, Lisbon, Portugal, September 17-21,
               2015},
  pages     = {632--642},
  publisher = {The Association for Computational Linguistics},
  year      = {2015},
  url       = {https://doi.org/10.18653/v1/d15-1075},
  doi       = {10.18653/v1/d15-1075},
  timestamp = {Sat, 30 May 2020 20:02:28 +0200},
  biburl    = {https://dblp.org/rec/conf/emnlp/BowmanAPM15.bib},
  bibsource = {dblp computer science bibliography, https://dblp.org}
}


SBERT
@inproceedings{DBLP:conf/emnlp/ReimersG19,
  author    = {Nils Reimers and
               Iryna Gurevych},
  editor    = {Kentaro Inui and
               Jing Jiang and
               Vincent Ng and
               Xiaojun Wan},
  title     = {Sentence-BERT: Sentence Embeddings using Siamese BERT-Networks},
  booktitle = {Proceedings of the 2019 Conference on Empirical Methods in Natural
               Language Processing and the 9th International Joint Conference on
               Natural Language Processing, {EMNLP-IJCNLP} 2019, Hong Kong, China,
               November 3-7, 2019},
  pages     = {3980--3990},
  publisher = {Association for Computational Linguistics},
  year      = {2019},
  url       = {https://doi.org/10.18653/v1/D19-1410},
  doi       = {10.18653/v1/D19-1410},
  timestamp = {Thu, 12 Dec 2019 13:23:43 +0100},
  biburl    = {https://dblp.org/rec/conf/emnlp/ReimersG19.bib},
  bibsource = {dblp computer science bibliography, https://dblp.org}
}

BERT 


@inproceedings{DBLP:conf/naacl/DevlinCLT19,
  author    = {Jacob Devlin and
               Ming{-}Wei Chang and
               Kenton Lee and
               Kristina Toutanova},
  editor    = {Jill Burstein and
               Christy Doran and
               Thamar Solorio},
  title     = {{BERT:} Pre-training of Deep Bidirectional Transformers for Language
               Understanding},
  booktitle = {Proceedings of the 2019 Conference of the North American Chapter of
               the Association for Computational Linguistics: Human Language Technologies,
               {NAACL-HLT} 2019, Minneapolis, MN, USA, June 2-7, 2019, Volume 1 (Long
               and Short Papers)},
  pages     = {4171--4186},
  publisher = {Association for Computational Linguistics},
  year      = {2019},
  url       = {https://doi.org/10.18653/v1/n19-1423},
  doi       = {10.18653/v1/n19-1423},
  timestamp = {Tue, 28 Jan 2020 10:30:29 +0100},
  biburl    = {https://dblp.org/rec/conf/naacl/DevlinCLT19.bib},
  bibsource = {dblp computer science bibliography, https://dblp.org}
}



tequila
@inproceedings{DBLP:conf/konvens/Barbaresi19,
  author    = {Adrien Barbaresi},
  title     = {Generic Web Content Extraction with Open-Source Software},
  booktitle = {Proceedings of the 15th Conference on Natural Language Processing,
               {KONVENS} 2019, Erlangen, Germany, October 9-11, 2019},
  year      = {2019},
  url       = {https://corpora.linguistik.uni-erlangen.de/data/konvens/proceedings/papers/kaleidoskop/camera\_ready\_barbaresi.pdf},
  timestamp = {Thu, 12 Mar 2020 11:30:42 +0100},
  biburl    = {https://dblp.org/rec/conf/konvens/Barbaresi19.bib},
  bibsource = {dblp computer science bibliography, https://dblp.org}
}



@inproceedings{DBLP:conf/aclwac/Barbaresi16,
  author    = {Adrien Barbaresi},
  editor    = {Paul Cook and
               Stefan Evert and
               Roland Sch{\"{a}}fer and
               Egon Stemle},
  title     = {Efficient construction of metadata-enhanced web corpora},
  booktitle = {Proceedings of the 10th Web as Corpus Workshop, WAC@ACL 2016, Berlin,
               August 12, 2016},
  pages     = {7--16},
  publisher = {Association for Computational Linguistics},
  year      = {2016},
  url       = {https://doi.org/10.18653/v1/W16-2602},
  doi       = {10.18653/v1/W16-2602},
  timestamp = {Tue, 20 Aug 2019 12:00:54 +0200},
  biburl    = {https://dblp.org/rec/conf/aclwac/Barbaresi16.bib},
  bibsource = {dblp computer science bibliography, https://dblp.org}
}


Distilbert
@article{DBLP:journals/corr/abs-1910-01108,
  author    = {Victor Sanh and
               Lysandre Debut and
               Julien Chaumond and
               Thomas Wolf},
  title     = {DistilBERT, a distilled version of {BERT:} smaller, faster, cheaper
               and lighter},
  journal   = {CoRR},
  volume    = {abs/1910.01108},
  year      = {2019},
  url       = {http://arxiv.org/abs/1910.01108},
  archivePrefix = {arXiv},
  eprint    = {1910.01108},
  timestamp = {Tue, 02 Jun 2020 12:48:59 +0200},
  biburl    = {https://dblp.org/rec/journals/corr/abs-1910-01108.bib},
  bibsource = {dblp computer science bibliography, https://dblp.org}
}




@inproceedings{DBLP:conf/icwsm/HuttoG14,
  author    = {Clayton J. Hutto and
               Eric Gilbert},
  editor    = {Eytan Adar and
               Paul Resnick and
               Munmun De Choudhury and
               Bernie Hogan and
               Alice H. Oh},
  title     = {{VADER:} {A} Parsimonious Rule-Based Model for Sentiment Analysis
               of Social Media Text},
  booktitle = {Proceedings of the Eighth International Conference on Weblogs and
               Social Media, {ICWSM} 2014, Ann Arbor, Michigan, USA, June 1-4, 2014},
  publisher = {The {AAAI} Press},
  year      = {2014},
  url       = {http://www.aaai.org/ocs/index.php/ICWSM/ICWSM14/paper/view/8109},
  timestamp = {Mon, 09 May 2016 17:12:16 +0200},
  biburl    = {https://dblp.org/rec/conf/icwsm/HuttoG14.bib},
  bibsource = {dblp computer science bibliography, https://dblp.org}
}






